<!DOCTYPE html>
<meta charset="utf-8" />
<!-- version 1 -->
<title>[Gen 7] Random Battle replay: DQNAgent vs. MaxDamagePlayer</title>
<style>
html,body {font-family:Verdana, sans-serif;font-size:10pt;margin:0;padding:0;}body{padding:12px 0;} .battle-log {font-family:Verdana, sans-serif;font-size:10pt;} .battle-log-inline {border:1px solid #AAAAAA;background:#EEF2F5;color:black;max-width:640px;margin:0 auto 80px;padding-bottom:5px;} .battle-log .inner {padding:4px 8px 0px 8px;} .battle-log .inner-preempt {padding:0 8px 4px 8px;} .battle-log .inner-after {margin-top:0.5em;} .battle-log h2 {margin:0.5em -8px;padding:4px 8px;border:1px solid #AAAAAA;background:#E0E7EA;border-left:0;border-right:0;font-family:Verdana, sans-serif;font-size:13pt;} .battle-log .chat {vertical-align:middle;padding:3px 0 3px 0;font-size:8pt;} .battle-log .chat strong {color:#40576A;} .battle-log .chat em {padding:1px 4px 1px 3px;color:#000000;font-style:normal;} .chat.mine {background:rgba(0,0,0,0.05);margin-left:-8px;margin-right:-8px;padding-left:8px;padding-right:8px;} .spoiler {color:#BBBBBB;background:#BBBBBB;padding:0px 3px;} .spoiler:hover, .spoiler:active, .spoiler-shown {color:#000000;background:#E2E2E2;padding:0px 3px;} .spoiler a {color:#BBBBBB;} .spoiler:hover a, .spoiler:active a, .spoiler-shown a {color:#2288CC;} .chat code, .chat .spoiler:hover code, .chat .spoiler:active code, .chat .spoiler-shown code {border:1px solid #C0C0C0;background:#EEEEEE;color:black;padding:0 2px;} .chat .spoiler code {border:1px solid #CCCCCC;background:#CCCCCC;color:#CCCCCC;} .battle-log .rated {padding:3px 4px;} .battle-log .rated strong {color:white;background:#89A;padding:1px 4px;border-radius:4px;} .spacer {margin-top:0.5em;} .message-announce {background:#6688AA;color:white;padding:1px 4px 2px;} .message-announce a, .broadcast-green a, .broadcast-blue a, .broadcast-red a {color:#DDEEFF;} .broadcast-green {background-color:#559955;color:white;padding:2px 4px;} .broadcast-blue {background-color:#6688AA;color:white;padding:2px 4px;} .infobox {border:1px solid #6688AA;padding:2px 4px;} .infobox-limited {max-height:200px;overflow:auto;overflow-x:hidden;} .broadcast-red {background-color:#AA5544;color:white;padding:2px 4px;} .message-learn-canlearn {font-weight:bold;color:#228822;text-decoration:underline;} .message-learn-cannotlearn {font-weight:bold;color:#CC2222;text-decoration:underline;} .message-effect-weak {font-weight:bold;color:#CC2222;} .message-effect-resist {font-weight:bold;color:#6688AA;} .message-effect-immune {font-weight:bold;color:#666666;} .message-learn-list {margin-top:0;margin-bottom:0;} .message-throttle-notice, .message-error {color:#992222;} .message-overflow, .chat small.message-overflow {font-size:0pt;} .message-overflow::before {font-size:9pt;content:'...';} .subtle {color:#3A4A66;}
</style>
<div class="wrapper replay-wrapper" style="max-width:1180px;margin:0 auto">
<input type="hidden" name="replayid" value="unregisteredserver-gen7randombattle-60229" />
<div class="battle"></div><div class="battle-log"></div><div class="replay-controls"></div><div class="replay-controls-2"></div>
<h1 style="font-weight:normal;text-align:center"><strong>[Gen 7] Random Battle</strong><br /><a href="http://pokemonshowdown.com/users/dqnagent" class="subtle" target="_blank">DQNAgent</a> vs. <a href="http://pokemonshowdown.com/users/maxdamageplayer" class="subtle" target="_blank">MaxDamagePlayer</a></h1>
<script type="text/plain" class="battle-log-data">|j|☆DQNAgent
|j|☆MaxDamagePlayer
|player|p1|DQNAgent|170|
|player|p2|MaxDamagePlayer|170|
|teamsize|p1|6
|teamsize|p2|6
|gametype|singles
|gen|7
|tier|[Gen 7] Random Battle
|rule|Sleep Clause Mod: Limit one foe put to sleep
|rule|HP Percentage Mod: HP is shown in percentages
|
|start
|switch|p1a: Cofagrigus|Cofagrigus, L85, F|100\/100
|switch|p2a: Florges|Florges, L84, F|100\/100
|turn|1
|
|move|p2a: Florges|Moonblast|p1a: Cofagrigus
|-damage|p1a: Cofagrigus|58\/100
|move|p1a: Cofagrigus|Shadow Ball|p2a: Florges
|-damage|p2a: Florges|81\/100
|
|-heal|p2a: Florges|87\/100|[from] item: Leftovers
|-heal|p1a: Cofagrigus|64\/100|[from] item: Leftovers
|upkeep
|turn|2
|
|move|p2a: Florges|Moonblast|p1a: Cofagrigus
|-damage|p1a: Cofagrigus|20\/100
|-unboost|p1a: Cofagrigus|spa|1
|move|p1a: Cofagrigus|Shadow Ball|p2a: Florges
|-damage|p2a: Florges|73\/100
|-unboost|p2a: Florges|spd|1
|
|-heal|p2a: Florges|79\/100|[from] item: Leftovers
|-heal|p1a: Cofagrigus|26\/100|[from] item: Leftovers
|upkeep
|turn|3
|
|move|p2a: Florges|Moonblast|p1a: Cofagrigus
|-damage|p1a: Cofagrigus|0 fnt
|faint|p1a: Cofagrigus
|
|-heal|p2a: Florges|85\/100|[from] item: Leftovers
|upkeep
|
|switch|p1a: Qwilfish|Qwilfish, L88, M|100\/100
|-ability|p1a: Qwilfish|Intimidate|boost
|-unboost|p2a: Florges|atk|1
|turn|4
|
|move|p1a: Qwilfish|Liquidation|p2a: Florges
|-damage|p2a: Florges|38\/100
|move|p2a: Florges|Moonblast|p1a: Qwilfish
|-resisted|p1a: Qwilfish
|-damage|p1a: Qwilfish|70\/100
|
|-heal|p1a: Qwilfish|76\/100|[from] item: Black Sludge
|-heal|p2a: Florges|44\/100|[from] item: Leftovers
|upkeep
|turn|5
|
|move|p1a: Qwilfish|Liquidation|p2a: Florges
|-damage|p2a: Florges|0 fnt
|faint|p2a: Florges
|
|-heal|p1a: Qwilfish|82\/100|[from] item: Black Sludge
|upkeep
|
|switch|p2a: Spiritomb|Spiritomb, L88, F|100\/100
|turn|6
|
|move|p1a: Qwilfish|Liquidation|p2a: Spiritomb
|-damage|p2a: Spiritomb|64\/100
|move|p2a: Spiritomb|Psychic|p1a: Qwilfish
|-supereffective|p1a: Qwilfish
|-crit|p1a: Qwilfish
|-damage|p1a: Qwilfish|0 fnt
|faint|p1a: Qwilfish
|
|-heal|p2a: Spiritomb|70\/100|[from] item: Leftovers
|upkeep
|
|switch|p1a: Fearow|Fearow, L89, F|100\/100
|turn|7
|
|move|p1a: Fearow|Drill Peck|p2a: Spiritomb
|-damage|p2a: Spiritomb|19\/100
|move|p2a: Spiritomb|Psychic|p1a: Fearow
|-damage|p1a: Fearow|71\/100
|
|-heal|p2a: Spiritomb|25\/100|[from] item: Leftovers
|upkeep
|turn|8
|
|move|p1a: Fearow|Drill Peck|p2a: Spiritomb
|-damage|p2a: Spiritomb|0 fnt
|faint|p2a: Spiritomb
|
|upkeep
|
|switch|p2a: Crobat|Crobat, L82, F|100\/100
|turn|9
|
|move|p2a: Crobat|Brave Bird|p1a: Fearow
|-damage|p1a: Fearow|15\/100
|-damage|p2a: Crobat|83\/100|[from] Recoil
|move|p1a: Fearow|Drill Peck|p2a: Crobat
|-damage|p2a: Crobat|31\/100
|
|-heal|p2a: Crobat|37\/100|[from] item: Black Sludge
|upkeep
|turn|10
|
|move|p2a: Crobat|Brave Bird|p1a: Fearow
|-damage|p1a: Fearow|0 fnt
|-damage|p2a: Crobat|33\/100|[from] Recoil
|faint|p1a: Fearow
|
|-heal|p2a: Crobat|39\/100|[from] item: Black Sludge
|upkeep
|
|switch|p1a: Conkeldurr|Conkeldurr, L81, M|100\/100
|turn|11
|
|move|p2a: Crobat|Brave Bird|p1a: Conkeldurr
|-supereffective|p1a: Conkeldurr
|-damage|p1a: Conkeldurr|27\/100
|-damage|p2a: Crobat|12\/100|[from] Recoil
|move|p1a: Conkeldurr|Ice Punch|p2a: Crobat
|-supereffective|p2a: Crobat
|-damage|p2a: Crobat|0 fnt
|faint|p2a: Crobat
|
|upkeep
|
|switch|p2a: Pheromosa|Pheromosa, L78|100\/100
|turn|12
|
|move|p2a: Pheromosa|High Jump Kick|p1a: Conkeldurr
|-damage|p1a: Conkeldurr|0 fnt
|faint|p1a: Conkeldurr
|-ability|p2a: Pheromosa|Beast Boost|boost
|-boost|p2a: Pheromosa|spe|1
|
|upkeep
|
|switch|p1a: Chandelure|Chandelure, L82, M|100\/100
|turn|13
|
|move|p2a: Pheromosa|High Jump Kick|p1a: Chandelure
|-immune|p1a: Chandelure
|-damage|p2a: Pheromosa|51\/100|[from] highjumpkick
|move|p1a: Chandelure|Fire Blast|p2a: Pheromosa
|-supereffective|p2a: Pheromosa
|-damage|p2a: Pheromosa|0 fnt
|faint|p2a: Pheromosa
|
|upkeep
|
|switch|p2a: Hypno|Hypno, L89, M|100\/100
|turn|14
|
|move|p1a: Chandelure|Fire Blast|p2a: Hypno
|-damage|p2a: Hypno|64\/100
|move|p2a: Hypno|Psychic|p1a: Chandelure
|-damage|p1a: Chandelure|64\/100
|
|-heal|p2a: Hypno|70\/100|[from] item: Leftovers
|upkeep
|turn|15
|
|move|p1a: Chandelure|Fire Blast|p2a: Hypno
|-damage|p2a: Hypno|30\/100
|move|p2a: Hypno|Psychic|p1a: Chandelure
|-damage|p1a: Chandelure|26\/100
|
|-heal|p2a: Hypno|36\/100|[from] item: Leftovers
|upkeep
|turn|16
|
|move|p1a: Chandelure|Fire Blast|p2a: Hypno
|-damage|p2a: Hypno|0 fnt
|faint|p2a: Hypno
|
|upkeep
|
|switch|p2a: Archeops|Archeops, L87, F|100\/100
|turn|17
|
|switch|p1a: Vaporeon|Vaporeon, L86, F|100\/100
|move|p2a: Archeops|Earthquake|p1a: Vaporeon
|-damage|p1a: Vaporeon|63\/100
|
|-heal|p1a: Vaporeon|69\/100|[from] item: Leftovers
|upkeep
|turn|18
|
|move|p2a: Archeops|Earthquake|p1a: Vaporeon
|-damage|p1a: Vaporeon|34\/100
|move|p1a: Vaporeon|Scald|p2a: Archeops
|-supereffective|p2a: Archeops
|-damage|p2a: Archeops|19\/100
|-status|p2a: Archeops|brn
|
|-heal|p1a: Vaporeon|40\/100|[from] item: Leftovers
|-damage|p2a: Archeops|13\/100 brn|[from] brn
|upkeep
|turn|19
|
|move|p2a: Archeops|Earthquake|p1a: Vaporeon
|-damage|p1a: Vaporeon|31\/100
|move|p1a: Vaporeon|Scald|p2a: Archeops
|-supereffective|p2a: Archeops
|-damage|p2a: Archeops|0 fnt
|faint|p2a: Archeops
|
|win|DQNAgent
</script>
</div>
<div class="battle-log battle-log-inline"><div class="inner"><div class="battle-options"><div style="padding-top: 3px; padding-right: 3px; text-align: right"><button class="icon button" name="openBattleOptions" title="Options">Battle Options</button></div></div><div class="inner message-log"><div class="chat"><small>☆DQNAgent joined.</small></div><div class="chat"><small>☆MaxDamagePlayer joined.</small></div><div class=""><small>Format:</small> <br><strong>[Gen 7] Random Battle</strong></div><div class=""><small><em>Sleep Clause Mod:</em> Limit one foe put to sleep</small></div><div class=""><small><em>HP Percentage Mod:</em> HP is shown in percentages</small></div><div class="spacer battle-history"><br></div><div class="battle-history">Battle started between DQNAgent and MaxDamagePlayer!<br></div><div class="spacer battle-history"><br></div><div class="battle-history">Go! <strong>Cofagrigus</strong>!<br></div><div class="spacer battle-history"><br></div><div class="battle-history">MaxDamagePlayer sent out <strong>Florges</strong>!<br></div><div class="spacer battle-history"><br></div><h2 class="battle-history">Turn 1</h2><div class="spacer battle-history"><br></div><div class="battle-history">The opposing Florges used <strong>Moonblast</strong>!<br></div><div class="battle-history"><small>(Cofagrigus lost 42% of its health!)</small><br></div><div class="spacer battle-history"><br></div><div class="battle-history">Cofagrigus used <strong>Shadow Ball</strong>!<br></div><div class="battle-history"><small>(The opposing Florges lost 19% of its health!)</small><br></div><div class="spacer battle-history"><br></div><div class="battle-history"><small>The opposing Florges restored a little HP using its Leftovers!</small><br></div><div class="battle-history"><small>Cofagrigus restored a little HP using its Leftovers!</small><br></div><div class="spacer battle-history"><br></div><h2 class="battle-history">Turn 2</h2><div class="spacer battle-history"><br></div><div class="battle-history">The opposing Florges used <strong>Moonblast</strong>!<br></div><div class="battle-history"><small>(Cofagrigus lost 44% of its health!)</small><br></div><div class="battle-history"><small>Cofagrigus's Sp. Atk fell!</small><br></div><div class="spacer battle-history"><br></div><div class="battle-history">Cofagrigus used <strong>Shadow Ball</strong>!<br></div><div class="battle-history"><small>(The opposing Florges lost 14% of its health!)</small><br></div><div class="battle-history"><small>The opposing Florges's Sp. Def fell!</small><br></div><div class="spacer battle-history"><br></div><div class="battle-history"><small>The opposing Florges restored a little HP using its Leftovers!</small><br></div><div class="battle-history"><small>Cofagrigus restored a little HP using its Leftovers!</small><br></div><div class="spacer battle-history"><br></div><h2 class="battle-history">Turn 3</h2><div class="spacer battle-history"><br></div><div class="battle-history">The opposing Florges used <strong>Moonblast</strong>!<br></div><div class="battle-history"><small>(Cofagrigus lost 26% of its health!)</small><br></div><div class="spacer battle-history"><br></div><div class="battle-history">Cofagrigus fainted!<br></div><div class="spacer battle-history"><br></div><div class="battle-history"><small>The opposing Florges restored a little HP using its Leftovers!</small><br></div><div class="spacer battle-history"><br></div><div class="battle-history">Go! <strong>Qwilfish</strong>!<br></div><div class="battle-history">[Qwilfish's Intimidate]<br></div><div class="battle-history"><small>The opposing Florges's Attack fell!</small><br></div><div class="spacer battle-history"><br></div><h2 class="battle-history">Turn 4</h2><div class="spacer battle-history"><br></div><div class="battle-history">Qwilfish used <strong>Liquidation</strong>!<br></div><div class="battle-history"><small>(The opposing Florges lost 47% of its health!)</small><br></div><div class="spacer battle-history"><br></div><div class="battle-history">The opposing Florges used <strong>Moonblast</strong>!<br></div><div class="battle-history"><small>It's not very effective...</small><br></div><div class="battle-history"><small>(Qwilfish lost 30% of its health!)</small><br></div><div class="spacer battle-history"><br></div><div class="battle-history"><small>Qwilfish restored a little HP using its Black Sludge!</small><br></div><div class="battle-history"><small>The opposing Florges restored a little HP using its Leftovers!</small><br></div><div class="spacer battle-history"><br></div><h2 class="battle-history">Turn 5</h2><div class="spacer battle-history"><br></div><div class="battle-history">Qwilfish used <strong>Liquidation</strong>!<br></div><div class="battle-history"><small>(The opposing Florges lost 44% of its health!)</small><br></div><div class="spacer battle-history"><br></div><div class="battle-history">The opposing Florges fainted!<br></div><div class="spacer battle-history"><br></div><div class="battle-history"><small>Qwilfish restored a little HP using its Black Sludge!</small><br></div><div class="spacer battle-history"><br></div><div class="battle-history">MaxDamagePlayer sent out <strong>Spiritomb</strong>!<br></div><div class="spacer battle-history"><br></div><h2 class="battle-history">Turn 6</h2><div class="spacer battle-history"><br></div><div class="battle-history">Qwilfish used <strong>Liquidation</strong>!<br></div><div class="battle-history"><small>(The opposing Spiritomb lost 36% of its health!)</small><br></div><div class="spacer battle-history"><br></div><div class="battle-history">The opposing Spiritomb used <strong>Psychic</strong>!<br></div><div class="battle-history"><small>It's super effective!</small><br></div><div class="battle-history"><small>A critical hit!</small><br></div><div class="battle-history"><small>(Qwilfish lost 82% of its health!)</small><br></div><div class="spacer battle-history"><br></div><div class="battle-history">Qwilfish fainted!<br></div><div class="spacer battle-history"><br></div><div class="battle-history"><small>The opposing Spiritomb restored a little HP using its Leftovers!</small><br></div><div class="spacer battle-history"><br></div><div class="battle-history">Go! <strong>Fearow</strong>!<br></div><div class="spacer battle-history"><br></div><h2 class="battle-history">Turn 7</h2><div class="spacer battle-history"><br></div><div class="battle-history">Fearow used <strong>Drill Peck</strong>!<br></div><div class="battle-history"><small>(The opposing Spiritomb lost 51% of its health!)</small><br></div><div class="spacer battle-history"><br></div><div class="battle-history">The opposing Spiritomb used <strong>Psychic</strong>!<br></div><div class="battle-history"><small>(Fearow lost 29% of its health!)</small><br></div><div class="spacer battle-history"><br></div><div class="battle-history"><small>The opposing Spiritomb restored a little HP using its Leftovers!</small><br></div><div class="spacer battle-history"><br></div><h2 class="battle-history">Turn 8</h2><div class="spacer battle-history"><br></div><div class="battle-history">Fearow used <strong>Drill Peck</strong>!<br></div><div class="battle-history"><small>(The opposing Spiritomb lost 25% of its health!)</small><br></div><div class="spacer battle-history"><br></div><div class="battle-history">The opposing Spiritomb fainted!<br></div><div class="spacer battle-history"><br></div><div class="battle-history">MaxDamagePlayer sent out <strong>Crobat</strong>!<br></div><div class="spacer battle-history"><br></div><h2 class="battle-history">Turn 9</h2><div class="spacer battle-history"><br></div><div class="battle-history">The opposing Crobat used <strong>Brave Bird</strong>!<br></div><div class="battle-history"><small>(Fearow lost 56% of its health!)</small><br></div><div class="battle-history"><small>The opposing Crobat was damaged by the recoil!</small><br></div><div class="spacer battle-history"><br></div><div class="battle-history">Fearow used <strong>Drill Peck</strong>!<br></div><div class="battle-history"><small>(The opposing Crobat lost 52% of its health!)</small><br></div><div class="spacer battle-history"><br></div><div class="battle-history"><small>The opposing Crobat restored a little HP using its Black Sludge!</small><br></div><div class="spacer battle-history"><br></div><h2 class="battle-history">Turn 10</h2><div class="spacer battle-history"><br></div><div class="battle-history">The opposing Crobat used <strong>Brave Bird</strong>!<br></div><div class="battle-history"><small>(Fearow lost 15% of its health!)</small><br></div><div class="battle-history"><small>The opposing Crobat was damaged by the recoil!</small><br></div><div class="spacer battle-history"><br></div><div class="battle-history">Fearow fainted!<br></div><div class="spacer battle-history"><br></div><div class="battle-history"><small>The opposing Crobat restored a little HP using its Black Sludge!</small><br></div><div class="spacer battle-history"><br></div><div class="battle-history">Go! <strong>Conkeldurr</strong>!<br></div><div class="spacer battle-history"><br></div><h2 class="battle-history">Turn 11</h2><div class="spacer battle-history"><br></div><div class="battle-history">The opposing Crobat used <strong>Brave Bird</strong>!<br></div><div class="battle-history"><small>It's super effective!</small><br></div><div class="battle-history"><small>(Conkeldurr lost 73% of its health!)</small><br></div><div class="battle-history"><small>The opposing Crobat was damaged by the recoil!</small><br></div><div class="spacer battle-history"><br></div><div class="battle-history">Conkeldurr used <strong>Ice Punch</strong>!<br></div><div class="battle-history"><small>It's super effective!</small><br></div><div class="battle-history"><small>(The opposing Crobat lost 12% of its health!)</small><br></div><div class="spacer battle-history"><br></div><div class="battle-history">The opposing Crobat fainted!<br></div><div class="spacer battle-history"><br></div><div class="battle-history">MaxDamagePlayer sent out <strong>Pheromosa</strong>!<br></div><div class="spacer battle-history"><br></div><h2 class="battle-history">Turn 12</h2><div class="spacer battle-history"><br></div><div class="battle-history">The opposing Pheromosa used <strong>High Jump Kick</strong>!<br></div><div class="battle-history"><small>(Conkeldurr lost 27% of its health!)</small><br></div><div class="spacer battle-history"><br></div><div class="battle-history">Conkeldurr fainted!<br></div><div class="battle-history">[The opposing Pheromosa's Beast Boost]<br></div><div class="battle-history"><small>The opposing Pheromosa's Speed rose!</small><br></div><div class="spacer battle-history"><br></div><div class="battle-history">Go! <strong>Chandelure</strong>!<br></div><div class="spacer battle-history"><br></div><h2 class="battle-history">Turn 13</h2><div class="spacer battle-history"><br></div><div class="battle-history">The opposing Pheromosa used <strong>High Jump Kick</strong>!<br></div><div class="battle-history"><small>It doesn't affect Chandelure...</small><br></div><div class="battle-history"><small>The opposing Pheromosa kept going and crashed!</small><br></div><div class="spacer battle-history"><br></div><div class="battle-history">Chandelure used <strong>Fire Blast</strong>!<br></div><div class="battle-history"><small>It's super effective!</small><br></div><div class="battle-history"><small>(The opposing Pheromosa lost 51% of its health!)</small><br></div><div class="spacer battle-history"><br></div><div class="battle-history">The opposing Pheromosa fainted!<br></div><div class="spacer battle-history"><br></div><div class="battle-history">MaxDamagePlayer sent out <strong>Hypno</strong>!<br></div><div class="spacer battle-history"><br></div><h2 class="battle-history">Turn 14</h2><div class="spacer battle-history"><br></div><div class="battle-history">Chandelure used <strong>Fire Blast</strong>!<br></div><div class="battle-history"><small>(The opposing Hypno lost 36% of its health!)</small><br></div><div class="spacer battle-history"><br></div><div class="battle-history">The opposing Hypno used <strong>Psychic</strong>!<br></div><div class="battle-history"><small>(Chandelure lost 36% of its health!)</small><br></div><div class="spacer battle-history"><br></div><div class="battle-history"><small>The opposing Hypno restored a little HP using its Leftovers!</small><br></div><div class="spacer battle-history"><br></div><h2 class="battle-history">Turn 15</h2><div class="spacer battle-history"><br></div><div class="battle-history">Chandelure used <strong>Fire Blast</strong>!<br></div><div class="battle-history"><small>(The opposing Hypno lost 40% of its health!)</small><br></div><div class="spacer battle-history"><br></div><div class="battle-history">The opposing Hypno used <strong>Psychic</strong>!<br></div><div class="battle-history"><small>(Chandelure lost 38% of its health!)</small><br></div><div class="spacer battle-history"><br></div><div class="battle-history"><small>The opposing Hypno restored a little HP using its Leftovers!</small><br></div><div class="spacer battle-history"><br></div><h2 class="battle-history">Turn 16</h2><div class="spacer battle-history"><br></div><div class="battle-history">Chandelure used <strong>Fire Blast</strong>!<br></div><div class="battle-history"><small>(The opposing Hypno lost 36% of its health!)</small><br></div><div class="spacer battle-history"><br></div><div class="battle-history">The opposing Hypno fainted!<br></div><div class="spacer battle-history"><br></div><div class="battle-history">MaxDamagePlayer sent out <strong>Archeops</strong>!<br></div><div class="spacer battle-history"><br></div><h2 class="battle-history">Turn 17</h2><div class="spacer battle-history"><br></div><div class="battle-history">Chandelure, come back!<br></div><div class="battle-history">Go! <strong>Vaporeon</strong>!<br></div><div class="spacer battle-history"><br></div><div class="battle-history">The opposing Archeops used <strong>Earthquake</strong>!<br></div><div class="battle-history"><small>(Vaporeon lost 37% of its health!)</small><br></div><div class="spacer battle-history"><br></div><div class="battle-history"><small>Vaporeon restored a little HP using its Leftovers!</small><br></div><div class="spacer battle-history"><br></div><h2 class="battle-history">Turn 18</h2><div class="spacer battle-history"><br></div><div class="battle-history">The opposing Archeops used <strong>Earthquake</strong>!<br></div><div class="battle-history"><small>(Vaporeon lost 35% of its health!)</small><br></div><div class="spacer battle-history"><br></div><div class="battle-history">Vaporeon used <strong>Scald</strong>!<br></div><div class="battle-history"><small>It's super effective!</small><br></div><div class="battle-history"><small>(The opposing Archeops lost 81% of its health!)</small><br></div><div class="battle-history"><small>The opposing Archeops was burned!</small><br></div><div class="spacer battle-history"><br></div><div class="battle-history"><small>Vaporeon restored a little HP using its Leftovers!</small><br></div><div class="battle-history"><small>The opposing Archeops was hurt by its burn!</small><br></div><div class="spacer battle-history"><br></div><h2 class="battle-history">Turn 19</h2><div class="spacer battle-history"><br></div><div class="battle-history">The opposing Archeops used <strong>Earthquake</strong>!<br></div><div class="battle-history"><small>(Vaporeon lost 9% of its health!)</small><br></div><div class="spacer battle-history"><br></div><div class="battle-history">Vaporeon used <strong>Scald</strong>!<br></div><div class="battle-history"><small>It's super effective!</small><br></div><div class="battle-history"><small>(The opposing Archeops lost 13% of its health!)</small><br></div><div class="spacer battle-history"><br></div><div class="battle-history">The opposing Archeops fainted!<br></div><div class="spacer battle-history"><br></div><div class="battle-history"><strong>DQNAgent</strong> won the battle!<br></div></div><div class="inner-preempt message-log"></div></div></div>
</div>
<script>
let daily = Math.floor(Date.now()/1000/60/60/24);document.write('<script src="https://play.pokemonshowdown.com/js/replay-embed.js?version'+daily+'"></'+'script>');
</script>
