<!DOCTYPE html>
<meta charset="utf-8" />
<!-- version 1 -->
<title>[Gen 7] Random Battle replay: DQNAgent vs. RandomPlayer</title>
<style>
html,body {font-family:Verdana, sans-serif;font-size:10pt;margin:0;padding:0;}body{padding:12px 0;} .battle-log {font-family:Verdana, sans-serif;font-size:10pt;} .battle-log-inline {border:1px solid #AAAAAA;background:#EEF2F5;color:black;max-width:640px;margin:0 auto 80px;padding-bottom:5px;} .battle-log .inner {padding:4px 8px 0px 8px;} .battle-log .inner-preempt {padding:0 8px 4px 8px;} .battle-log .inner-after {margin-top:0.5em;} .battle-log h2 {margin:0.5em -8px;padding:4px 8px;border:1px solid #AAAAAA;background:#E0E7EA;border-left:0;border-right:0;font-family:Verdana, sans-serif;font-size:13pt;} .battle-log .chat {vertical-align:middle;padding:3px 0 3px 0;font-size:8pt;} .battle-log .chat strong {color:#40576A;} .battle-log .chat em {padding:1px 4px 1px 3px;color:#000000;font-style:normal;} .chat.mine {background:rgba(0,0,0,0.05);margin-left:-8px;margin-right:-8px;padding-left:8px;padding-right:8px;} .spoiler {color:#BBBBBB;background:#BBBBBB;padding:0px 3px;} .spoiler:hover, .spoiler:active, .spoiler-shown {color:#000000;background:#E2E2E2;padding:0px 3px;} .spoiler a {color:#BBBBBB;} .spoiler:hover a, .spoiler:active a, .spoiler-shown a {color:#2288CC;} .chat code, .chat .spoiler:hover code, .chat .spoiler:active code, .chat .spoiler-shown code {border:1px solid #C0C0C0;background:#EEEEEE;color:black;padding:0 2px;} .chat .spoiler code {border:1px solid #CCCCCC;background:#CCCCCC;color:#CCCCCC;} .battle-log .rated {padding:3px 4px;} .battle-log .rated strong {color:white;background:#89A;padding:1px 4px;border-radius:4px;} .spacer {margin-top:0.5em;} .message-announce {background:#6688AA;color:white;padding:1px 4px 2px;} .message-announce a, .broadcast-green a, .broadcast-blue a, .broadcast-red a {color:#DDEEFF;} .broadcast-green {background-color:#559955;color:white;padding:2px 4px;} .broadcast-blue {background-color:#6688AA;color:white;padding:2px 4px;} .infobox {border:1px solid #6688AA;padding:2px 4px;} .infobox-limited {max-height:200px;overflow:auto;overflow-x:hidden;} .broadcast-red {background-color:#AA5544;color:white;padding:2px 4px;} .message-learn-canlearn {font-weight:bold;color:#228822;text-decoration:underline;} .message-learn-cannotlearn {font-weight:bold;color:#CC2222;text-decoration:underline;} .message-effect-weak {font-weight:bold;color:#CC2222;} .message-effect-resist {font-weight:bold;color:#6688AA;} .message-effect-immune {font-weight:bold;color:#666666;} .message-learn-list {margin-top:0;margin-bottom:0;} .message-throttle-notice, .message-error {color:#992222;} .message-overflow, .chat small.message-overflow {font-size:0pt;} .message-overflow::before {font-size:9pt;content:'...';} .subtle {color:#3A4A66;}
</style>
<div class="wrapper replay-wrapper" style="max-width:1180px;margin:0 auto">
<input type="hidden" name="replayid" value="unregisteredserver-gen7randombattle-58354" />
<div class="battle"></div><div class="battle-log"></div><div class="replay-controls"></div><div class="replay-controls-2"></div>
<h1 style="font-weight:normal;text-align:center"><strong>[Gen 7] Random Battle</strong><br /><a href="http://pokemonshowdown.com/users/dqnagent" class="subtle" target="_blank">DQNAgent</a> vs. <a href="http://pokemonshowdown.com/users/randomplayer" class="subtle" target="_blank">RandomPlayer</a></h1>
<script type="text/plain" class="battle-log-data">|j|☆DQNAgent
|j|☆RandomPlayer
|player|p1|DQNAgent|170|
|player|p2|RandomPlayer|102|
|teamsize|p1|6
|teamsize|p2|6
|gametype|singles
|gen|7
|tier|[Gen 7] Random Battle
|rule|Sleep Clause Mod: Limit one foe put to sleep
|rule|HP Percentage Mod: HP is shown in percentages
|
|start
|switch|p1a: Tapu Lele|Tapu Lele, L80|100\/100
|switch|p2a: Salamence|Salamence, L81, M|100\/100
|-fieldstart|move: Psychic Terrain|[from] ability: Psychic Surge|[of] p1a: Tapu Lele
|turn|1
|
|-zpower|p2a: Salamence
|move|p2a: Salamence|Z-Roost||[anim]Roost|[still]
|-clearnegativeboost|p2a: Salamence|[zeffect]
|-fail|p2a: Salamence|heal
|move|p1a: Tapu Lele|Moonblast|p2a: Salamence
|-supereffective|p2a: Salamence
|-damage|p2a: Salamence|4\/100
|-unboost|p2a: Salamence|spa|1
|
|upkeep
|turn|2
|
|switch|p2a: Naganadel|Naganadel, L78|100\/100
|move|p1a: Tapu Lele|Moonblast|p2a: Naganadel
|-damage|p2a: Naganadel|42\/100
|
|upkeep
|turn|3
|
|switch|p2a: Salamence|Salamence, L81, M|4\/100
|move|p1a: Tapu Lele|Psychic|p2a: Salamence
|-damage|p2a: Salamence|0 fnt
|faint|p2a: Salamence
|
|upkeep
|
|switch|p2a: Naganadel|Naganadel, L78|42\/100
|turn|4
|
|switch|p2a: Pyukumuku|Pyukumuku, L89, M|100\/100
|move|p1a: Tapu Lele|Psychic|p2a: Pyukumuku
|-damage|p2a: Pyukumuku|51\/100
|
|-heal|p2a: Pyukumuku|57\/100|[from] item: Leftovers
|upkeep
|turn|5
|
|switch|p2a: Mamoswine|Mamoswine, L82, M|100\/100
|move|p1a: Tapu Lele|Moonblast|p2a: Mamoswine
|-damage|p2a: Mamoswine|50\/100
|
|-fieldend|move: Psychic Terrain
|upkeep
|turn|6
|
|move|p1a: Tapu Lele|Moonblast|p2a: Mamoswine
|-damage|p2a: Mamoswine|4\/100
|-unboost|p2a: Mamoswine|spa|1
|move|p2a: Mamoswine|Stealth Rock|p1a: Tapu Lele
|-sidestart|p1: DQNAgent|move: Stealth Rock
|
|upkeep
|turn|7
|
|switch|p2a: Naganadel|Naganadel, L78|42\/100
|move|p1a: Tapu Lele|Moonblast|p2a: Naganadel
|-damage|p2a: Naganadel|0 fnt
|faint|p2a: Naganadel
|
|upkeep
|
|switch|p2a: Pyukumuku|Pyukumuku, L89, M|57\/100
|turn|8
|
|move|p1a: Tapu Lele|Moonblast|p2a: Pyukumuku
|-damage|p2a: Pyukumuku|26\/100
|-unboost|p2a: Pyukumuku|spa|1
|move|p2a: Pyukumuku|Toxic|p1a: Tapu Lele|[miss]
|-miss|p2a: Pyukumuku|p1a: Tapu Lele
|
|-heal|p2a: Pyukumuku|32\/100|[from] item: Leftovers
|upkeep
|turn|9
|
|switch|p2a: Ludicolo|Ludicolo, L88, M|100\/100
|move|p1a: Tapu Lele|Moonblast|p2a: Ludicolo
|-damage|p2a: Ludicolo|63\/100
|-unboost|p2a: Ludicolo|spa|1
|
|upkeep
|turn|10
|
|move|p1a: Tapu Lele|Moonblast|p2a: Ludicolo
|-damage|p2a: Ludicolo|29\/100
|move|p2a: Ludicolo|Rain Dance|p2a: Ludicolo
|-weather|RainDance
|
|-weather|RainDance|[upkeep]
|upkeep
|turn|11
|
|move|p2a: Ludicolo|Focus Blast|p1a: Tapu Lele
|-resisted|p1a: Tapu Lele
|-damage|p1a: Tapu Lele|95\/100
|-damage|p2a: Ludicolo|19\/100|[from] item: Life Orb
|move|p1a: Tapu Lele|Moonblast|p2a: Ludicolo
|-damage|p2a: Ludicolo|0 fnt
|faint|p2a: Ludicolo
|
|-weather|RainDance|[upkeep]
|upkeep
|
|switch|p2a: Mamoswine|Mamoswine, L82, M|4\/100
|turn|12
|
|move|p1a: Tapu Lele|Moonblast|p2a: Mamoswine
|-damage|p2a: Mamoswine|0 fnt
|faint|p2a: Mamoswine
|
|-weather|RainDance|[upkeep]
|upkeep
|
|switch|p2a: Houndoom|Houndoom, L83, F|100\/100
|turn|13
|
|detailschange|p2a: Houndoom|Houndoom-Mega, L83, F
|-mega|p2a: Houndoom|Houndoom|Houndoominite
|move|p2a: Houndoom|Fire Blast|p1a: Tapu Lele
|-damage|p1a: Tapu Lele|69\/100
|-status|p1a: Tapu Lele|brn
|move|p1a: Tapu Lele|Moonblast|p2a: Houndoom
|-damage|p2a: Houndoom|51\/100
|-unboost|p2a: Houndoom|spa|1
|
|-weather|RainDance|[upkeep]
|-damage|p1a: Tapu Lele|63\/100 brn|[from] brn
|upkeep
|turn|14
|
|move|p2a: Houndoom|Fire Blast|p1a: Tapu Lele
|-damage|p1a: Tapu Lele|44\/100 brn
|move|p1a: Tapu Lele|Moonblast|p2a: Houndoom
|-damage|p2a: Houndoom|9\/100
|
|-weather|none
|-damage|p1a: Tapu Lele|38\/100 brn|[from] brn
|upkeep
|turn|15
|
|move|p2a: Houndoom|Taunt|p1a: Tapu Lele
|-start|p1a: Tapu Lele|move: Taunt
|move|p1a: Tapu Lele|Moonblast|p2a: Houndoom
|-damage|p2a: Houndoom|0 fnt
|faint|p2a: Houndoom
|
|-damage|p1a: Tapu Lele|32\/100 brn|[from] brn
|upkeep
|
|switch|p2a: Pyukumuku|Pyukumuku, L89, M|32\/100
|turn|16
|
|move|p1a: Tapu Lele|Psychic|p2a: Pyukumuku
|-damage|p2a: Pyukumuku|1\/100
|move|p2a: Pyukumuku|Toxic||[still]
|-fail|p2a: Pyukumuku
|
|-heal|p2a: Pyukumuku|7\/100|[from] item: Leftovers
|-damage|p1a: Tapu Lele|26\/100 brn|[from] brn
|upkeep
|turn|17
|
|move|p1a: Tapu Lele|Psychic|p2a: Pyukumuku
|-damage|p2a: Pyukumuku|0 fnt
|faint|p2a: Pyukumuku
|
|win|DQNAgent
</script>
</div>
<div class="battle-log battle-log-inline"><div class="inner"><div class="battle-options"><div style="padding-top: 3px; padding-right: 3px; text-align: right"><button class="icon button" name="openBattleOptions" title="Options">Battle Options</button></div></div><div class="inner message-log"><div class="chat"><small>☆DQNAgent joined.</small></div><div class="chat"><small>☆RandomPlayer joined.</small></div><div class=""><small>Format:</small> <br><strong>[Gen 7] Random Battle</strong></div><div class=""><small><em>Sleep Clause Mod:</em> Limit one foe put to sleep</small></div><div class=""><small><em>HP Percentage Mod:</em> HP is shown in percentages</small></div><div class="spacer battle-history"><br></div><div class="battle-history">Battle started between DQNAgent and RandomPlayer!<br></div><div class="spacer battle-history"><br></div><div class="battle-history">Go! <strong>Tapu Lele</strong>!<br></div><div class="spacer battle-history"><br></div><div class="battle-history">RandomPlayer sent out <strong>Salamence</strong>!<br></div><div class="battle-history">[Tapu Lele's Psychic Surge]<br><small>The battlefield got weird!</small><br></div><div class="spacer battle-history"><br></div><h2 class="battle-history">Turn 1</h2><div class="spacer battle-history"><br></div><div class="battle-history"><small>The opposing Salamence surrounded itself with its Z-Power!</small><br></div><div class="spacer battle-history"><br></div><div class="battle-history">The opposing Salamence used <strong>Z-Roost</strong>!<br></div><div class="battle-history"><small>The opposing Salamence returned its decreased stats to normal using its Z-Power!</small><br></div><div class="battle-history"><small>The opposing Salamence's HP is full!</small><br></div><div class="spacer battle-history"><br></div><div class="battle-history">Tapu Lele used <strong>Moonblast</strong>!<br></div><div class="battle-history"><small>It's super effective!</small><br></div><div class="battle-history"><small>(The opposing Salamence lost 96% of its health!)</small><br></div><div class="battle-history"><small>The opposing Salamence's Sp. Atk fell!</small><br></div><div class="spacer battle-history"><br></div><h2 class="battle-history">Turn 2</h2><div class="spacer battle-history"><br></div><div class="battle-history">RandomPlayer withdrew Salamence!<br></div><div class="battle-history">RandomPlayer sent out <strong>Naganadel</strong>!<br></div><div class="spacer battle-history"><br></div><div class="battle-history">Tapu Lele used <strong>Moonblast</strong>!<br></div><div class="battle-history"><small>(The opposing Naganadel lost 58% of its health!)</small><br></div><div class="spacer battle-history"><br></div><h2 class="battle-history">Turn 3</h2><div class="spacer battle-history"><br></div><div class="battle-history">RandomPlayer withdrew Naganadel!<br></div><div class="battle-history">RandomPlayer sent out <strong>Salamence</strong>!<br></div><div class="spacer battle-history"><br></div><div class="battle-history">Tapu Lele used <strong>Psychic</strong>!<br></div><div class="battle-history"><small>(The opposing Salamence lost 4% of its health!)</small><br></div><div class="spacer battle-history"><br></div><div class="battle-history">The opposing Salamence fainted!<br></div><div class="spacer battle-history"><br></div><div class="battle-history">RandomPlayer sent out <strong>Naganadel</strong>!<br></div><div class="spacer battle-history"><br></div><h2 class="battle-history">Turn 4</h2><div class="spacer battle-history"><br></div><div class="battle-history">RandomPlayer withdrew Naganadel!<br></div><div class="battle-history">RandomPlayer sent out <strong>Pyukumuku</strong>!<br></div><div class="spacer battle-history"><br></div><div class="battle-history">Tapu Lele used <strong>Psychic</strong>!<br></div><div class="battle-history"><small>(The opposing Pyukumuku lost 49% of its health!)</small><br></div><div class="spacer battle-history"><br></div><div class="battle-history"><small>The opposing Pyukumuku restored a little HP using its Leftovers!</small><br></div><div class="spacer battle-history"><br></div><h2 class="battle-history">Turn 5</h2><div class="spacer battle-history"><br></div><div class="battle-history">RandomPlayer withdrew Pyukumuku!<br></div><div class="battle-history">RandomPlayer sent out <strong>Mamoswine</strong>!<br></div><div class="spacer battle-history"><br></div><div class="battle-history">Tapu Lele used <strong>Moonblast</strong>!<br></div><div class="battle-history"><small>(The opposing Mamoswine lost 50% of its health!)</small><br></div><div class="spacer battle-history"><br></div><div class="battle-history"><small>The weirdness disappeared from the battlefield!</small><br></div><div class="spacer battle-history"><br></div><h2 class="battle-history">Turn 6</h2><div class="spacer battle-history"><br></div><div class="battle-history">Tapu Lele used <strong>Moonblast</strong>!<br></div><div class="battle-history"><small>(The opposing Mamoswine lost 46% of its health!)</small><br></div><div class="battle-history"><small>The opposing Mamoswine's Sp. Atk fell!</small><br></div><div class="spacer battle-history"><br></div><div class="battle-history">The opposing Mamoswine used <strong>Stealth Rock</strong>!<br></div><div class="battle-history"><small>Pointed stones float in the air around your team!</small><br></div><div class="spacer battle-history"><br></div><h2 class="battle-history">Turn 7</h2><div class="spacer battle-history"><br></div><div class="battle-history">RandomPlayer withdrew Mamoswine!<br></div><div class="battle-history">RandomPlayer sent out <strong>Naganadel</strong>!<br></div><div class="spacer battle-history"><br></div><div class="battle-history">Tapu Lele used <strong>Moonblast</strong>!<br></div><div class="battle-history"><small>(The opposing Naganadel lost 42% of its health!)</small><br></div><div class="spacer battle-history"><br></div><div class="battle-history">The opposing Naganadel fainted!<br></div><div class="spacer battle-history"><br></div><div class="battle-history">RandomPlayer sent out <strong>Pyukumuku</strong>!<br></div><div class="spacer battle-history"><br></div><h2 class="battle-history">Turn 8</h2><div class="spacer battle-history"><br></div><div class="battle-history">Tapu Lele used <strong>Moonblast</strong>!<br></div><div class="battle-history"><small>(The opposing Pyukumuku lost 31% of its health!)</small><br></div><div class="battle-history"><small>The opposing Pyukumuku's Sp. Atk fell!</small><br></div><div class="spacer battle-history"><br></div><div class="battle-history">The opposing Pyukumuku used <strong>Toxic</strong>!<br></div><div class="battle-history"><small>Tapu Lele avoided the attack!</small><br></div><div class="spacer battle-history"><br></div><div class="battle-history"><small>The opposing Pyukumuku restored a little HP using its Leftovers!</small><br></div><div class="spacer battle-history"><br></div><h2 class="battle-history">Turn 9</h2><div class="spacer battle-history"><br></div><div class="battle-history">RandomPlayer withdrew Pyukumuku!<br></div><div class="battle-history">RandomPlayer sent out <strong>Ludicolo</strong>!<br></div><div class="spacer battle-history"><br></div><div class="battle-history">Tapu Lele used <strong>Moonblast</strong>!<br></div><div class="battle-history"><small>(The opposing Ludicolo lost 37% of its health!)</small><br></div><div class="battle-history"><small>The opposing Ludicolo's Sp. Atk fell!</small><br></div><div class="spacer battle-history"><br></div><h2 class="battle-history">Turn 10</h2><div class="spacer battle-history"><br></div><div class="battle-history">Tapu Lele used <strong>Moonblast</strong>!<br></div><div class="battle-history"><small>(The opposing Ludicolo lost 34% of its health!)</small><br></div><div class="spacer battle-history"><br></div><div class="battle-history">The opposing Ludicolo used <strong>Rain Dance</strong>!<br></div><div class="battle-history"><small>It started to rain!</small><br></div><div class="spacer battle-history"><br></div><div class="battle-history"><small>(Rain continues to fall.)</small><br></div><div class="spacer battle-history"><br></div><h2 class="battle-history">Turn 11</h2><div class="spacer battle-history"><br></div><div class="battle-history">The opposing Ludicolo used <strong>Focus Blast</strong>!<br></div><div class="battle-history"><small>It's not very effective...</small><br></div><div class="battle-history"><small>(Tapu Lele lost 5% of its health!)</small><br></div><div class="battle-history"><small>The opposing Ludicolo lost some of its HP!</small><br></div><div class="spacer battle-history"><br></div><div class="battle-history">Tapu Lele used <strong>Moonblast</strong>!<br></div><div class="battle-history"><small>(The opposing Ludicolo lost 19% of its health!)</small><br></div><div class="spacer battle-history"><br></div><div class="battle-history">The opposing Ludicolo fainted!<br></div><div class="spacer battle-history"><br></div><div class="battle-history"><small>(Rain continues to fall.)</small><br></div><div class="spacer battle-history"><br></div><div class="battle-history">RandomPlayer sent out <strong>Mamoswine</strong>!<br></div><div class="spacer battle-history"><br></div><h2 class="battle-history">Turn 12</h2><div class="spacer battle-history"><br></div><div class="battle-history">Tapu Lele used <strong>Moonblast</strong>!<br></div><div class="battle-history"><small>(The opposing Mamoswine lost 4% of its health!)</small><br></div><div class="spacer battle-history"><br></div><div class="battle-history">The opposing Mamoswine fainted!<br></div><div class="spacer battle-history"><br></div><div class="battle-history"><small>(Rain continues to fall.)</small><br></div><div class="spacer battle-history"><br></div><div class="battle-history">RandomPlayer sent out <strong>Houndoom</strong>!<br></div><div class="spacer battle-history"><br></div><h2 class="battle-history">Turn 13</h2><div class="spacer battle-history"><br></div><div class="battle-history"><small>The opposing Houndoom's Houndoominite is reacting to the Key Stone!</small><br>The opposing Houndoom has Mega Evolved into Mega Houndoom!<br></div><div class="spacer battle-history"><br></div><div class="battle-history">The opposing Houndoom used <strong>Fire Blast</strong>!<br></div><div class="battle-history"><small>(Tapu Lele lost 26% of its health!)</small><br></div><div class="battle-history"><small>Tapu Lele was burned!</small><br></div><div class="spacer battle-history"><br></div><div class="battle-history">Tapu Lele used <strong>Moonblast</strong>!<br></div><div class="battle-history"><small>(The opposing Houndoom lost 49% of its health!)</small><br></div><div class="battle-history"><small>The opposing Houndoom's Sp. Atk fell!</small><br></div><div class="spacer battle-history"><br></div><div class="battle-history"><small>(Rain continues to fall.)</small><br></div><div class="battle-history"><small>Tapu Lele was hurt by its burn!</small><br></div><div class="spacer battle-history"><br></div><h2 class="battle-history">Turn 14</h2><div class="spacer battle-history"><br></div><div class="battle-history">The opposing Houndoom used <strong>Fire Blast</strong>!<br></div><div class="battle-history"><small>(Tapu Lele lost 19% of its health!)</small><br></div><div class="spacer battle-history"><br></div><div class="battle-history">Tapu Lele used <strong>Moonblast</strong>!<br></div><div class="battle-history"><small>(The opposing Houndoom lost 42% of its health!)</small><br></div><div class="spacer battle-history"><br></div><div class="battle-history"><small>The rain stopped.</small><br></div><div class="battle-history"><small>Tapu Lele was hurt by its burn!</small><br></div><div class="spacer battle-history"><br></div><h2 class="battle-history">Turn 15</h2><div class="spacer battle-history"><br></div><div class="battle-history">The opposing Houndoom used <strong>Taunt</strong>!<br></div><div class="battle-history"><small>Tapu Lele fell for the taunt!</small><br></div><div class="spacer battle-history"><br></div><div class="battle-history">Tapu Lele used <strong>Moonblast</strong>!<br></div><div class="battle-history"><small>(The opposing Houndoom lost 9% of its health!)</small><br></div><div class="spacer battle-history"><br></div><div class="battle-history">The opposing Houndoom fainted!<br></div><div class="spacer battle-history"><br></div><div class="battle-history"><small>Tapu Lele was hurt by its burn!</small><br></div><div class="spacer battle-history"><br></div><div class="battle-history">RandomPlayer sent out <strong>Pyukumuku</strong>!<br></div><div class="spacer battle-history"><br></div><h2 class="battle-history">Turn 16</h2><div class="spacer battle-history"><br></div><div class="battle-history">Tapu Lele used <strong>Psychic</strong>!<br></div><div class="battle-history"><small>(The opposing Pyukumuku lost 31% of its health!)</small><br></div><div class="spacer battle-history"><br></div><div class="battle-history">The opposing Pyukumuku used <strong>Toxic</strong>!<br></div><div class="battle-history"><small>But it failed!</small><br></div><div class="spacer battle-history"><br></div><div class="battle-history"><small>The opposing Pyukumuku restored a little HP using its Leftovers!</small><br></div><div class="battle-history"><small>Tapu Lele was hurt by its burn!</small><br></div><div class="spacer battle-history"><br></div><h2 class="battle-history">Turn 17</h2><div class="spacer battle-history"><br></div><div class="battle-history">Tapu Lele used <strong>Psychic</strong>!<br></div><div class="battle-history"><small>(The opposing Pyukumuku lost 7% of its health!)</small><br></div><div class="spacer battle-history"><br></div><div class="battle-history">The opposing Pyukumuku fainted!<br></div><div class="spacer battle-history"><br></div><div class="battle-history"><strong>DQNAgent</strong> won the battle!<br></div></div><div class="inner-preempt message-log"></div></div></div>
</div>
<script>
let daily = Math.floor(Date.now()/1000/60/60/24);document.write('<script src="https://play.pokemonshowdown.com/js/replay-embed.js?version'+daily+'"></'+'script>');
</script>
